1566 2814
99 173 281 242 1482.
496 194 1012 228 annuarum-ra.»
1297 190 1398 236 329

62 328 79 348 κ
120 313 235 357 Haec
250 309 350 352 inde
368 306 569 364 descripsit
586 309 726 352 Suidas
743 322 793 351 v.
791 314 1024 359 emmanu.
1052 307 1180 349 Dedit
1197 305 1400 361 quaedam
1465 315 1472 322 ‘

121 379 206 434 huc
226 379 475 431 pertinentia
491 374 721 431 Saluufiad
739 378 823 418 Scr-
840 375 941 418 Hist.
962 379 1072 432 Aug.
1091 379 1142 417 T.
1158 377 1212 417 11
1229 389 1269 428 p.
1285 383 1399 427 549.

122 443 322 491 Disertiua
343 459 430 486 rem
459 446 669 500 explicavit
691 444 743 485 ad
761 445 887 486 Solin.
905 459 945 498 p.
956 446 1089 495 649.
1105 445 1239 486 Ε.-
1274 443 1328 485 V.
1351 451 1401 484 2.

123 520 285 564 nge-reae
311 521 380 553 τεν
396 519 576 555 Μίδαν.
628 512 959 567 quandoquidem
998 512 1099 567 Agis
1137 511 1189 552 ad
1228 522 1401 552 coenam

124 582 364 636 captandam
390 581 561 623 totidem
580 577 752 622 diversas
774 579 924 621 formas
948 576 1144 631 sumserit,
1175 589 1277 633 quot
1304 580 1404 619 Pro-

126 660 242 695 teum
264 646 440 691 tumfiffe
462 650 518 690 ait
540 649 743 689 Homerus.
761 668 830 677 —
873 651 914 692 v.
929 643 1058 698 527.]
1086 649 1138 688 V.
1159 656 1200 699 3.
1225 651 1406 686 ἀτόμων

123 717 265 773 vulgo,
296 717 407 770 quod
430 714 593 769 Cafizub.
618 716 862 757 emendavit.
904 718 1176 766 Pentameter,
1197 714 1270 767 qui
1285 711 1403 766 sequi

126 783 327 835 debebat,
350 784 397 825 in
426 783 555 826 codd.
571 783 760 824 Athenaei
783 780 1043 824 defideratur.
1059 803 1127 812 —
1166 783 1219 824 V.
1239 791 1285 832 4.
1304 782 1404 821 For-

67 848 73 854 ’
123 849 227 893 taffe
245 861 294 893 ut
309 852 471 906 Jupiter
489 852 587 892 olim
603 852 648 891 in
660 864 829 891 aeneam
843 848 983 891 Acrisii
1002 860 1157 889 turrem
1172 847 1224 889 ad
1232 849 1406 889 Danaen

127 919 376 973 penetravit,
404 918 455 958 fic
476 919 576 974 Agis
599 932 760 971 quoque
786 918 851 958 vel
884 915 1102 957 firmiffima
1130 913 1297 958 claustra
1314 927 1407 969 per·
1474 922 1478 933 ¹

125 986 297 1038 ruperit.
338 984 505 1033 Ἀκραίαν
531 991 679 1025 noa-aaa.
715 985 767 1025 ad
793 984 902 1024 hunc
922 980 1084 1037 piscem,
1118 984 1233 1035 cujus
1251 981 1407 1034 cupidi·

129 1063 188 1092 tas
215 1052 332 1093 illum
362 1066 446 1092 non
475 1053 610 1092 minus
640 1051 888 1102 exstimulat,
941 1065 1064 1104 quam
1088 1053 1234 1106 Jovem
1265 1046 1408 1090 Acrifii

126 1116 228 1163 filia.
252 1162 258 1166 ,
277 1117 454 1161 Fortafl'e
475 1120 600 1160 etiam
618 1119 665 1168 is,
698 1118 805 1172 apud
828 1131 951 1172 quem
971 1119 1116 1172 epulae
1136 1115 1409 1169 habebantur,

126 1185 403 1240 appellabatur
421 1185 605 1228 Acrisius.
674 1185 801 1238 Quod
827 1184 858 1226 fi
876 1174 1024 1226 tamen
1035 1185 1111 1226 hoc
1133 1198 1219 1225 non
1241 1180 1408 1225 admise-

126 1255 195 1305 ris,
226 1254 336 1295 locus
356 1267 441 1296 non
462 1255 595 1295 minus
614 1251 844 1307 perspicuus
864 1254 955 1296 erit.
1207 1243 1214 1246 ³

224 1323 351 1367 Tom.
370 1323 421 1362 11.
441 1335 480 1374 p.
504 1317 632 1379 527.]
663 1321 737 1364 IV.
778 1324 859 1375 Ap·
876 1320 1018 1362 Athen.
1036 1321 1081 1361 L.
1102 1321 1210 1362 Vm.
1229 1332 1272 1372 p.
1297 1326 1411 1369 345.

124 1392 178 1433 A.
195 1391 239 1431 Β.
296 1391 571 1443 Depravatum
598 1388 675 1430 hoc
705 1390 964 1444 Epigramma
994 1388 1199 1443 praeclare
1233 1385 1408 1428 restituit

126 1454 348 1509 Defiderius
370 1456 563 1498 Heraldus
579 1456 630 1497 ad
651 1456 811 1500 Arnob.
837 1471 880 1510 p.
905 1464 977 1507 19.
1005 1469 1097 1496 cum
1114 1468 1197 1508 quo
1220 1455 1266 1495 in
1285 1454 1411 1507 pluri-

127 1524 205 1564 mis
229 1520 428 1577 conspirat
454 1523 572 1578 Toup.
594 1525 638 1564 in
660 1525 759 1566 Cur.
780 1537 873 1565 nov.
900 1535 942 1574 p.
962 1532 1076 1574 23⁴5.
1131 1525 1179 1564 ln
1202 1523 1265 1573 iis,
1300 1534 1410 1575 quae

61 1596 66 1603 “
127 1588 201 1644 ipsi
219 1587 312 1633 sunt
324 1592 498 1645 propria,
519 1590 689 1631 Heraldo
708 1592 843 1632 minus
863 1590 1037 1632 feliciter
1051 1603 1139 1631 rem
1161 1588 1413 1636 administra<

126 1658 200 1710 vit,
216 1658 353 1712 judice
372 1656 587 1702 Brunckio.
632 1659 904 1700 Indicabimus
918 1659 1098 1712 primum
1120 1656 1279 1699 vitiosas
1291 1656 1412 1697 Athe·

128 1728 221 1766 naei-
234 1726 437 1767 lestiones.
454 1746 523 1755 -
556 1728 607 1767 V·
624 1735 664 1767 1.
681 1726 860 1774 ὅψοφαγεῖ
874 1736 914 1766 K.
936 1733 1198 1773 καταμνομένην
1220 1729 1256 1763 δὲ
1274 1721 1414 1774 &thien

129 1793 166 1832 ε’
182 1789 329 1840 iustu-ov
348 1789 372 1838 ιῗ
389 1799 439 1842 ὃς.
471 1793 585 1834 Nihil
602 1792 669 1834 hic
686 1794 785 1835 vidit
796 1791 995 1847 Spanbem.
1021 1794 1093 1847 qui
1115 1792 1193 1832 hoc
1211 1791 1412 1834 distichon

130 1861 303 1902 tentavit
324 1861 375 1913 ad
401 1860 618 1902 cauimach.
638 1863 689 1902 H.
710 1862 755 1901 in
777 1862 895 1902 Dian.
916 1869 994 1911 95.
1007 1875 1047 1914 p.
1070 1869 1183 1912 241.
1202 1879 1271 1888 —
1299 1861 1352 1900 V.
1366 1867 1412 1909 3⁷.

130 1932 259 1975 θέσμιον
273 1925 315 1968 ὃν
331 1925 368 1973 ι’ἷ.
411 1926 627 1980 Casaubon.
641 1933 763 1976 δεσμὸν
774 1926 810 1968 ὃν
819 1941 960 1982 pamm
974 1927 1148 1969 feliciter
1159 1927 1411 1982 corrigit.—

130 1998 182 2037 V.
198 2006 241 2047 5.
266 1986 446 2043 ababuc&
462 1993 602 2036 ἅτινα
619 2002 730 2036 πάλαι
748 2013 828 2037 που.
864 1997 942 2036 Hic
957 2009 1092 2036 veram
1113 1995 1331 2036 lectionem
1349 1994 1412 2035 in·

131 2063 294 2119 dagavit
328 2061 586 2115 casaubonus.
644 2065 737 2121 Jam
774 2059 994 2104 adscribam
1027 2062 1412 2114 interpretationem

131 2130 316 2180 Her-aldi,
345 2131 395 2171 ad
417 2132 530 2183 cujus
557 2142 739 2172 mentem
764 2128 985 2171 Brunckius
1004 2129 1083 2171 hoc
1109 2125 1246 2185 Epigr.
1269 2127 1414 2170 consti·

133 2200 235 2248 tuit:
276 2198 516 2243 „Videntur
549 2196 631 2239 esse
661 2197 784 2239 verba
815 2197 1068 2251 quorundam
1099 2193 1415 2238 salsamentariae

134 2280 283 2318 nrum,
317 2281 340 2306 a
359 2265 504 2319 quibus
530 2265 621 2307 Clio
643 2267 789 2306 mulier
808 2265 1082 2313 σ’ψοφαγιστάτη
1106 2277 1277 2320 congros
1302 2276 1417 2305 eme·

133 2333 259 2377 nbat:
290 2347 390 2387 quos
411 2325 539 2387 quum
559 2333 617 2374 ibi
635 2347 775 2375 vorare
799 2333 934 2381 vellet,
967 2329 1254 2373 salsamentarii
1274 2331 1417 2373 oeulos

131 2401 383 2451 melantium,
424 2413 479 2441 ne
513 2401 638 2441 nimia
673 2401 886 2442 voracitate
923 2400 969 2440 in
1004 2399 1207 2451 stuporem
1247 2398 1417 2441 dentur·

133 2469 323 2512 ”Dicunt
352 2469 503 2523 igitur:
550 2467 666 2521 Jam,
706 2467 804 2519 Clio,
842 2467 982 2508 devora
1013 2464 1068 2519 fis
1107 2479 1269 2521 congr-os
1303 2477 1417 2507 tuos:

102 2555 108 2559 ·
133 2535 296 2581 „oculos
327 2533 535 2588 claufimus.
584 2534 704 2592 Qod
724 2535 768 2588 fi
795 2533 873 2575 tibi
899 2536 1016 2574 etiam
1049 2531 1221 2575 lubentia
1249 2531 1324 2586 est,
1358 2545 1420 2574 eor

135 2602 354 2658 „solitaria
369 2602 471 2659 apud
488 2613 526 2644 te
539 2603 721 2646 comedito
731 2617 745 2643 .·
772 2602 954 2644 drachma
970 2599 1048 2643 tibi
1063 2599 1302 2656 constabunt.
1338 2601 1422 2644 De·
