1566 2814
175 174 270 230 306
600 183 1028 234 c‘ALLJJuAcut
1178 207 1180 210 .
1235 236 1246 242 V
1285 139 1454 228 1473:

177 307 308 354 putat,
336 297 543 338 Pellaeum
564 294 684 338 fuisse
703 302 876 349 ἀλαζόνα,
909 297 1121 351 hominem
1148 291 1346 350 inflatum,
1369 297 1456 353 glo-

184 363 331 408 riosum
345 395 356 414 ‚
390 364 483 418 quia
505 365 666 405 Graecis
686 364 841 405 dicatur
864 364 986 405 homo
1012 364 1250 417 vaniloquus
1271 375 1313 406 et
1334 356 1454 406 nimis

182 431 401 488 magnifice
422 431 475 472 de
500 428 541 472 se
569 429 745 472 sentiens
769 443 811 473 et
835 433 1066 484 praedicans
1097 434 1190 480 βοῦς.
1234 429 1458 474 Antithefis

180 498 266 542 effe
288 500 444 539 videtur
459 500 502 539 in
521 499 650 540 verbis
665 508 770 547 λόγυς
791 503 947 544 ἀληθινὸς
969 510 1010 540 et
1034 505 1125 543 ἡδύς.
1162 498 1207 539 ld
1229 499 1337 552 quod
1354 499 1457 550 dixi,

183 567 394 610 defunetos
411 567 567 618 perire,
601 580 717 607 verus
747 567 803 607 est
825 565 974 619 sermo,
1010 568 1190 620 quamvis
1210 564 1372 607 foi-{affe
1390 579 1457 619 pa·
1496 622 1499 624 μ

182 649 273 677 rum
303 632 518 686 jucundus.
568 634 691 685 Quod
719 632 746 674 fi
772 635 1010 686 jucundiora
1029 634 1168 674 audire
1186 634 1297 675 voles
1329 654 1367 665 —
1402 641 1454 676 ὁ.

178 703 318 748 Aliter
347 713 483 741 tamen
511 698 669 741 senfifl'e
697 695 855 742 videtur
884 702 928 742 P.
951 702 989 742 Γ
985 714 1188 752 antelmus
1223 702 1336 754 cujus
1363 715 1457 743 con·

179 771 378 824 iefiuram
409 768 563 821 profert
592 769 839 809 Burmannus
863 771 907 809 in
935 768 1134 810 Dorvillii
1166 768 1286 810 Sicul.
1319 771 1372 810 T.
1400 769 1457 811 11.

185 851 227 891 p.
251 846 362 890 449.
387 841 477 887 οὐδὲ,
507 844 566 875 τὸν
585 842 676 886 ἡδὺν,
706 842 824 877 Πωλεῖ
807 854 876 881 ‘rou
891 838 1030 884 χαλκοῦ
1052 837 1135 886 βοῦς
1153 842 1266 885 μέγας
1282 843 1328 876 εῖν
1348 836 1399 875 'Aa
1389 837 1456 886 '321-

182 904 569 956 Inter-pietationem
599 916 683 943 non
709 903 887 958 addidit,
925 916 1002 944 nec
1031 899 1126 957 ipse,
1156 904 1255 956 quid
1275 900 1455 955 senserit,

184 982 349 1024 exputo.
368 990 436 999 -—
474 973 551 1012 Pro
573 977 619 1010 εἰν
641 970 748 1023 ’mm
782 955 923 1025 quod
911 985 955 1012 m
975 971 1067 1013 vat.
1091 969 1160 1023 est,
1194 971 1316 1027 vulgo
1337 970 1459 1012 habe-

187 1048 254 1080 tur
277 1045 327 1083 εἷς
345 1038 395 1077 ”A
391 1040 469 1083 ’.δην

285 1122 391 1163 LIV.
424 1122 525 1165 Cod.
537 1122 629 1163 Vat
640 1135 677 1175 p.
692 1126 803 1176 289.
838 1123 1006 1167 Planud.
1021 1137 1060 1177 p.
1075 1123 1184 1166 216.
1194 1123 1249 1166 St.
1270 1130 1379 1178 314.
1386 1123 1456 1165 W.

131 1204 136 1207 ·
183 1189 347 1244 (Ernest.
370 1191 455 1231 XV.
480 1206 518 1244 p.
542 1191 672 1240 288.)
723 1193 773 1231 In
801 1191 1064 1233 Charmidem
1086 1187 1215 1231 subita
1237 1200 1368 1231 morte
1388 1203 1457 1245 op

182 1255 374 1311 preffum.
405 1278 470 1286 —
531 1260 581 1298 V.
610 1269 652 1302 1.
687 1259 806 1300 Re&
840 1259 954 1298 Anna
986 1259 1229 1310 comparavit
1269 1256 1456 1299 Theocrit-

183 1325 272 1367 Eid.
293 1326 401 1365 XIII.
424 1336 466 1376 4.
500 1330 531 1365 οἱ
561 1329 683 1378 Sym-0>
707 1330 931 1375 πελόμισθα,
959 1332 1000 1366 τὸ
1024 1326 1054 1365 δ’
1069 1322 1183 1374 αὔριον
1202 1330 1262 1365 οὐκ
1279 1326 1456 1374 {tuebimi-

187 1391 408 1439 Nemotam
430 1393 558 1433 Divos
577 1391 713 1433 habuit
727 1393 920 1444 faventes,
948 1392 1164 1445 Crastinum
1187 1392 1233 1434 ut
1256 1389 1367 1446 poffit
1378 1389 1459 1444 fibi

181 1458 367 1512 polliceri.
402 1459 533 1499 Seneca
551 1459 718 1514 Thyest.
743 1461 852 1510 619.
901 1461 1055 1500 Similia
1081 1461 1244 1515 collegit
1274 1458 1456 1511 Wetsten.

184 1526 235 1566 a'd
266 1528 312 1565 N·
338 1526 389 1564 T·
412 1529 463 1566 II.
495 1540 531 1579 p.
555 1528 664 1575 676.
687 1546 754 1555 --
802 1529 852 1569 V·
876 1537 916 1568 2.
947 1535 1132 1576 Χαςμιτὸν.
1161 1538 1240 1567 tres
1263 1526 1453 1569 Aldinae·

185 1592 251 1634 Ab
273 1593 368 1633 edit.
392 1594 496 1633 Flor.
519 1601 577 1632 τὸν
599 1593 717 1633 abest.
738 1613 805 1623 —-·
838 1596 888 1635 V.
917 1603 954 1643 3.
976 1601 1097 1634 κλαύσ.
1116 1597 1243 1634 isam.
1275 1594 1456 1648 Propert-

183 1661 226 1700 L.
245 1661 295 1699 11.
322 1670 358 1700 1.
380 1669 456 1710 79.
486 1659 686 1710 Ambulat,
710 1674 746 1700 et
766 1659 954 1711 subitum
968 1664 1158 1702 miramur
1173 1661 1306 1714 funus
1325 1662 1455 1701 amici.

183 1746 251 1756 --
281 1728 495 1777 Ceterum,
527 1741 632 1780 quae
662 1728 727 1768 hie
752 1725 844 1768 sunt
874 1726 1037 1768 dorismi
1055 1728 1252 1785 ¹vestigia,
1289 1741 1338 1769 ea
1363 1729 1456 1768 Vat-

183 1793 286 1838 Cod.
309 1791 488 1835 servavit.
523 1795 688 1846 Planud.
710 1802 823 1847 avena,
842 1802 1031 1847 ἡμετέραις,
1054 1797 1099 1846 τῇ
1121 1795 1236 1844 ἑτέρῃ.

277 1877 360 1918 LV.
398 1878 498 1918 Cod.
521 1880 609 1918 Vat·
627 1891 663 1930 p.
690 1883 798 1929 289.
841 1879 949 1920 Plan.
969 1893 1011 1934 p.
1035 1880 1214 1930 229.St.
1249 1886 1357 1930 333.
1380 1877 1453 1921 W«

183 1943 352 1997 (Ernest.
371 1947 476 1986 XVI.
499 1959 537 1997 p.
562 1940 696 1999 288.)
741 1948 789 1987 In
820 1947 1079 1998 Timonoam,
1107 1944 1458 2002 Methymnaeam,

182 2011 394 2052 Timothei
425 2011 570 2064 filiam,
605 2012 875 2068 Euthymenis
898 2014 1128 2069 conjugem.
1150 2036 1217 2044 —-
1253 2014 1304 2056 V.
1329 2023 1369 2056 1.
1394 2023 1454 2052 Τι-

181 2085 292 2126 μονίη.
311 2081 399 2120 vat.
440 2081 501 2120 Ex
522 2079 720 2132 prioribus
746 2080 805 2121 his
823 2080 952 2122 verbis
972 2094 1039 2121 me
1057 2094 1141 2122 non
1159 2079 1369 2121 commode
1382 2093 1454 2132 ¹ex-

178 2146 315 2201 pedio.
350 2143 546 2199 Suspicor,
574 2147 774 2188 contineri
794 2148 838 2188 in
860 2149 907 2188 iis
929 2144 1231 2202 inscriptionem
1257 2147 1384 2202 cippi:

548 2239 709 2278 Τιμονόης
727 2237 807 2271 τόδε
835 2241 944 2279 σῆμα.
983 2254 1022 2262 -

178 2314 356 2354 Nomine
374 2315 591 2355 Timono'e‘s
614 2315 728 2365 leeo,
756 2319 874 2367 poeta
896 2313 1121 2366 addubitat,
1155 2327 1356 2370 quaenam
1379 2314 1449 2355 illa

178 2378 326 2429 fuerit5
369 2381 493 2433 idque
515 2395 598 2422 non
631 2383 738 2435 prius
755 2383 962 2437 intelligit,
995 2395 1116 2436 quam
1134 2383 1256 2435 patris
1283 2394 1448 2435 quoque

183 2459 336 2487 nomen
357 2449 467 2503 legit·
521 2450 763 2502 Corruptela
788 2450 884 2488 oriri
914 2452 1047 2502 potuit
1068 2463 1118 2489 ex
1141 2447 1278 2490 omifl'a
1297 2446 1448 2503 syllaba

174 2512 392 2566 posteriore
409 2514 586 2556 vocabuli
609 2525 717 2566 σῆμα,
741 2529 861 2568 quam
884 2513 1054 2569 sequens
1074 2513 1224 2571 syllaba
1236 2512 1447 2567 absorpsit:

171 2585 454 2638 Τιμονρηςτοδεση
491 2602 526 2611 -
545 2613 556 2626 .
603 2585 710 2625 Hinc
740 2587 815 2624 ἐστι
842 2582 1005 2625 faRUm.
1034 2603 1104 2616 --·
1150 2581 1336 2631 Μήθυμνα.
1380 2583 1449 2625 De
