1566 2814
165 150 266 206 254
597 158 1017 192 σΛιιιΜΛοιη
1251 118 1439 204 *1.46ῐ.

166 275 301 318 Schol.
338 271 533 314 Theocriti
557 273 583 313 l.
605 286 638 315 e.
696 276 858 326 Aqu'am
888 287 911 314 a
939 272 1106 328 poculo,
1143 281 1226 314 tam
1253 268 1429 316 formoso

163 355 292 398 puero
320 341 472 392 dicato,
506 341 630 396 longe
658 338 791 382 abeffe
816 341 945 393 jubet.
989 341 1156 389 'Axsafioc
1184 341 1321 395 ¹priore
1341 343 1429 383 loco

165 423 310 463 aquam
325 440 336 460 ‚
373 408 590 461 posteriore
612 407 733 449 deum
757 419 798 449 et
826 406 1035 462 personam
1060 405 1267 463 fignificat.
1309 410 1430 455 Erne-

155 475 242 530 stus
275 475 341 516 hic
363 474 516 527 profert
548 477 834 516 correffionem
865 474 1081 527 Cafizuboni
1109 488 1161 516 ex
1190 485 1276 517 not·
1306 473 1430 528 mstis,

162 541 235 585 sed
257 543 396 596 procul
430 542 554 583 dubio
583 540 721 584 vitiose
751 540 1013 600 descriptam:
1046 540 1171 592 ἐγχει
1203 551 1261 583 καὶ
1289 543 1322 582 τ’
1341 539 1432 591 ὄνομ’

165 616 222 651 ἰπὶ
242 610 388 662 (voluit
413 612 507 659 εἰπὲ)
531 610 628 650 οὐδ”
625 621 669 651 A.
703 619 774 649 Τῶν
792 616 884 660 ἱερῶν
901 617 1030 650 τούτων
1051 615 1087 652 ἃ.
1110 627 1144 652 κ.
1178 610 1300 651 Schol.
1318 610 1430 651 Theo-

163 682 255 721 trit,
281 683 390 717 κείνου
408 679 572 718 omittit.
590 698 656 709 ·—
699 681 750 722 V.
780 688 818 731 3.
850 681 968 730 Haec,
987 676 1093 731 quasi
1115 675 1302 719 excusans
1323 679 1431 729 prio-

165 759 232 796 ra,
260 744 394 796 addit,
421 758 474 784 ne
503 745 600 785 deus
625 742 664 786 se
687 746 918 800 neglefifflm
951 757 992 786 et
1021 755 1270 786 contemtum
1293 745 1427 786 existi-

162 824 263 853 met.
328 812 535 863 Quaedam
567 827 700 868 apogr.
730 813 894 866 peffime
919 818 957 852 ου’
974 819 1010 853 δέ
1036 830 1102 857 τις.
1166 814 1216 854 In
1247 814 1428 868 genuina
1456 836 1467 842 -

162 879 338 920 lefflone
364 876 588 931 conspirant
612 881 702 921 Vat.
731 891 773 920 et
800 878 969 921 Planud.
1035 879 1306 925 Callimachea
1333 894 1427 925 cum

168 945 319 986 Tibullo
348 948 588 999 comparavit
611 947 769 1001 Vuipius
795 949 839 988 L.
861 948 929 988 IV.
955 956 1027 998 13.
1052 958 1091 998 5.
1131 949 1258 1002 Atque
1278 950 1429 988 utinam

157 1011 272 1068 poffis
291 1016 359 1052 uni
380 1013 474 1053 mihi
503 1011 594 1054 bella
621 1015 774 1055 videri!
817 1014 1025 1068 Displiceas
1041 1014 1157 1055 aliis!
1196 1013 1260 1054 Sic
1278 1028 1343 1070 ego
1360 1007 1429 1056 'tu-

161 1093 227 1121 tus
245 1094 324 1120 ero.
379 1081 484 1121 Hine
501 1079 662 1122 fortaffe
684 1081 858 1122 colorem
880 1081 995 1122 duxit
1017 1081 1166 1125 Αῑιέῗῑοι·
1187 1084 1261 1135 Ep.
1285 1082 1430 1125 incert.

160 1149 265 1194 XIV,
285 1154 315 1187 εἲ
333 1152 369 1187 δέ
388 1165 441 1191 τις
460 1154 497 1188 οὐ
517 1146 631 1201 φήσει,
650 1157 697 1197 μὴ
714 1153 846 1189 πείθεο·
881 1156 933 1189 ναὶ
951 1155 1002 1198 μά
1022 1166 1074 1203 σε,
1103 1154 1236 1198 δαῖμον,
1258 1138 1435 1191 Ψεύδετθ·4

159 1214 232 1265 3γῶ
254 1215 282 1254 δ’
302 1221 320 1253 ὅ
346 1223 455 1262 λέγων
484 1215 652 1265 τῶτςεκὲς
675 1213 748 1257 οἶδα
767 1224 880 1266 μόνος.

258 1282 334 1322 ΙΙΙ,
366 1282 468 1326 Cod.
501 1285 590 1325 Vat.
622 1299 661 1337 p.
699 1293 809 1336 579.
854 1283 1204 1336 (Ernest.XXX1L
1234 1299 1275 1340 p.
1296 1281 1429 1340 300.)

160 1350 230 1394 Ad
253 1349 491 1390 cleonicum
512 1352 728 1403 quendam,
760 1353 829 1405 qui
849 1350 928 1392 viso
948 1352 1148 1394 Euxitheo
1173 1367 1310 1394 amore
1332 1368 1427 1394 con·

158 1416 301 1458 tabuit.
319 1439 385 1446 --
414 1419 463 1457 V.
493 1427 532 1458 1.
558 1419 766 1468 Quaedam
787 1433 921 1474 apogr.
943 1427 1123 1467 Κλεὸνυμε.
1142 1441 1209 1449 —
1236 1422 1284 1462 V.
1305 1431 1349 1460 2.
1367 1427 1429 1461 οὐκ

159 1481 248 1533 ἔγνω
271 1482 371 1524 cod.
417 1480 522 1531 ἔγνων
542 1484 668 1524 Bentl.
691 1486 760 1538 qui
781 1486 900 1526 verba
922 1487 1028 1526 reste
1047 1486 1236 1531 distinxit.
1281 1490 1430 1528 Prono-

139 1592 141 1599 ,
162 1565 260 1592 men
281 1567 331 1601 σε,
363 1564 443 1604 quo
465 1548 597 1591 sensus
620 1566 754 1592 carere
774 1567 855 1593 non
877 1552 1016 1607 potest,
1044 1553 1214 1595 restituit
1233 1549 1426 1607 Ernestus.

158 1620 211 1661 In
237 1617 320 1658 fine
353 1614 482 1659 versus
509 1619 623 1659 Anna
651 1619 695 1662 F.
720 1627 758 1659 τί
781 1628 927 1667 γέγονας
955 1622 1054 1661 citra
1083 1621 1354 1670 neceffitatem
1385 1611 1429 1662 et

160 1697 294 1727 metro
320 1686 447 1726 invito
471 1687 646 1741 corrigit.
666 1709 732 1718 —-
776 1688 824 1726 V.
848 1697 887 1738 3.
918 1687 1038 1727 ‹ies-ea.
1083 1688 1146 1729 Sic
1167 1703 1226 1742 ap.
1248 1689 1426 1730 nostrum

159 1755 206 1796 in
223 1756 377 1808 Hymn.
399 1754 443 1793 in
468 1754 560 1795 Cer.
584 1763 659 1808 93·
697 1753 949 1795 Erifichthon
975 1754 1082 1795 fame
1103 1754 1349 1797 contabuiffe
1370 1757 1429 1798 di-

161 1823 279 1872 citur,
301 1821 405 1869 μέσφ’
424 1826 478 1859 ἐπὶ
497 1827 614 1870 νευρᾶς
630 1829 773 1870 Δειλαίῳ
798 1820 862 1866 ἶνές
881 1840 920 1861 τε
942 1821 997 1866 noo)
1015 1823 1119 1866 ὀστέω
1141 1826 1263 1871 μοῦνον
1275 1820 1429 1872 ἕλιφθεν.

168 1886 360 1930 Theocrit.
386 1888 547 1929 Eid.11.
576 1892 648 1939 39.
678 1895 770 1928 αὐτὰ
789 1894 825 1927 δὲ
842 1895 947 1929 λοιπὰ
968 1889 1081 1929 Ὀστὲ’
1099 1886 1148 1930 :r’
1169 1897 1206 1935 ἧς
1226 1899 1282 1930 καὶ
1299 1897 1424 1940 δέρμα.

161 1955 227 1997 Cf.
245 1956 421 1996 Eid.1V
447 1965 519 2006 15.
562 1957 674 1996 Ovid.
696 1958 747 1996 11.
771 1960 910 1999 Amor.
933 1958 998 1998 lx.
1027 1967 1099 2006 13.
1121 1958 1365 2014 Qidjuvat
1385 1962 1428 2000 in

163 2023 276 2064 nudis
300 2023 452 2063 hamata
481 2023 679 2063 retundere
703 2024 778 2063 tela
806 2021 883 2078 Off
885 2022 975 2070 bus,
1011 2023 1084 2076 offiz
1105 2025 1199 2065 mihi
1221 2026 1322 2065 nuda
1341 2025 1428 2066 reli-

160 2095 252 2146 quit
273 2091 408 2133 Amor.
451 2091 563 2130 Nec
552 2104 595 2130 in
616 2090 676 2131 his
701 2092 796 2132 locis
821 2103 896 2131 nec
924 2093 966 2131 in
991 2093 1074 2131 aliis
1096 2092 1284 2133 {imilibus
1306 2097 1426 2133 crines

158 2169 552 2209 commemorantur,
583 2172 779 2211 *quorum
819 2160 973 2199 mentio
1007 2159 1106 2199 mihi
1145 2173 1228 2200 non
1260 2161 1428 2201 omnino

162 2225 310 2266 idonea
335 2226 505 2267 videtur.
564 2226 700 2266 Nolim
732 2237 867 2267 tamen
894 2228 1144 2278 corruptelae
1164 2224 1427 2279 suspicionem

160 2305 415 2333 movere.—
446 2294 496 2334 V.
509 2303 551 2341 4·
572 2299 673 2340 ου’μὸς
695 2294 784 2335 Vat.
799 2295 901 2336 Cod.
940 2293 1039 2340 οὑμὸς
1060 2294 1287 2349 apographa
1305 2307 1427 2347 quae-

161 2359 268 2400 dam.
299 2351 457 2412 Ernesto‘
478 2361 624 2401 arridet
645 2362 873 2413 conjeRura
899 2363 1012 2400 Anna
1026 2363 1067 2402 F.
1088 2361 1186 2409 ω’μὸς,
1206 2363 1298 2415 quia
1315 2362 1427 2403 nulla

160 2425 209 2466 fit
231 2429 352 2478 ratio,
386 2442 455 2467 cur
480 2431 595 2480 poeta
622 2425 663 2468 se
684 2425 893 2469 admisceat
926 2426 1047 2481 seque
1067 2440 1286 2470 amatorem
1306 2427 1425 2482 proffi

159 2503 304 2535 teatur.
373 2494 480 2535 Mihi
511 2506 669 2546 tamen,
706 2509 759 2536 ne
788 2497 883 2549 quid
904 2496 1156 2546 distimulem‚
1192 2497 1267 2546 hoe
1295 2493 1446 2547 ipsum‘

157 2561 303 2617 placet,
334 2563 441 2616 quod
463 2566 592 2616 poeta,
614 2561 775 2606 fot-moli
794 2565 911 2619 pueri
934 2577 1071 2605 amore
1094 2561 1313 2619 tabescens,
1333 2556 1434 2605 cum'
