1566 2814
197 178 300 234 336
650 143 661 151 ἢ
719 189 961 222 uznvm
1237 187 1255 195 ⁶
1319 185 1481 240 [4832

199 303 506 358 v:ucompotores
522 298 610 344 suos
624 301 768 345 affatur
778 309 896 357 poeta
911 314 954 346 et
963 304 1015 346 ad
1031 303 1159 362 rhytii
1172 309 1476 363 contemplatio·

198 393 229 416 ³,
239 384 333 412 nem
349 382 475 423 vocat,-
495 371 604 425 quod
623 382 708 413 arte
727 370 862 414 subtili
883 373 1134 414 elaboratum
1156 389 1179 414 a
1199 374 1376 418 Ctesibio
1399 376 1475 433 hy-

196 460 227 484 „
238 437 507 481 draulicorum
523 441 736 481 inventore
749 439 943 483 Arsinoae
952 443 1108 483 Veneri
1116 440 1250 483 fuerat
1274 440 1475 486 consecra·

195 516 334 551 „tum
378 510 428 550 V.
455 518 495 560 3.
517 509 584 559 ait,
602 509 794 561 poculum
817 508 905 561 hoc,
927 509 1037 564 quod
1049 510 1192 551 Graeci
1211 511 1279 551 alii
1293 515 1394 562 ῥυτὸν
1405 515 1472 566 ap·
1532 536 1534 539 ·

194 576 400 628 amellam,
429 576 681 631 Aegyptium
702 573 784 617 effe
804 585 929 627 βῆσαν.
979 579 1042 618 Ita
1062 576 1278 619 vocabatur
1290 579 1486 621 Alexam·

195 643 345 687 „driae
365 656 495 699 genus
525 645 673 696 potorii
702 642 819 697 vafis,
862 644 971 699 quod
997 635 1302 702 in'fragmento
1331 647 1471 701 capitis

193 711 366 765 „quarti
396 712 454 752 ita
479 708 734 753 describitur:
779 722 874 758 Βῆσα
903 712 1014 765 (fort.
1039 711 1170 764 Bn'aeoec)
1202 711 1361 762 ποτήριον
1388 714 1473 765 παρ’

194 778 490 827 »Ἀλεξανδρεῦσι
503 810 514 830 ,
549 785 764 829 πλατύτερον
789 785 828 820 ἐκ
858 789 925 820 τῶν
957 772 1052 821 uam
1079 789 1207 832 μερῶν,
1245 786 1469 830 ἐστενωμένον

193 867 223 890 ,,
230 843 368 887 ἄνωθεν.
404 849 514 887 Haec
529 845 658 902 figura
667 847 723 887 est
733 848 1104 890 convenientissima
1118 849 1262 903 poculo
1271 848 1346 902 isti,
1356 847 1468 904 quod

189 934 220 958 ,ι
229 913 278 954 ad
294 913 415 954 instar
434 913 676 969 hydrauleos
697 914 848 956 fecerat
859 914 1072 958 Ctefibius.
1099 916 1185 957 Cur
1205 905 1376 965 v's’xti‘vtiv
1396 932 1463 972 ap-

188 982 362 1034 spelless
378 979 524 1033 nescio,
541 991 583 1022 et
602 980 765 1026 fortaffe
776 984 885 1024 locus
905 983 962 1024 est
978 994 1202 1038 corruptus.
1235 986 1288 1026 V.
1298 994 1342 1036 4.
1354 985 1466 1038 dicit,

187 1049 425 1093 „effluente
444 1050 601 1103 liquore
621 1049 688 1090 edi
713 1051 928 1104 aliquando
951 1062 1113 1092 acutum
1135 1048 1278 1092 sonum
1303 1061 1346 1092 et
1367 1066 1465 1106 quo-

188 1109 441 1161 „dammodo
461 1117 675 1158 bellicum:
710 1118 803 1159 ideo
822 1129 1025 1170 comparat
1052 1118 1174 1159 tubae
1187 1118 1384 1160 elafficum
1402 1134 1464 1161 ca-

186 1185 358 1229 „nenti:
390 1185 605 1238 aliquando
619 1198 713 1226 vero
726 1187 895 1227 mollem
910 1187 977 1228 edi
995 1183 1136 1228 sonum
1154 1197 1196 1226 et
1209 1187 1398 1229 conviviis
1417 1198 1462 1228 et

186 1250 574 1297 „comessationibus
603 1244 924 1297 convenientem.
985 1255 1141 1307 Quarto
1169 1253 1334 1295 disticho
1355 1262 1462 1297 com-

185 1341 216 1364 „
224 1331 336 1373 parat
349 1319 454 1360 fistro
469 1317 718 1361 dulcisonum
730 1320 807 1362 hoc
819 1323 1031 1375 poculum3
1056 1331 1098 1362 et
1107 1321 1163 1363 est
1171 1322 1279 1362 locus
1293 1313 1459 1378 insignis

184 1387 275 1431 „de
293 1388 532 1429 inventione
547 1386 656 1440 sistri,
686 1389 914 1430 imitatione
934 1387 1092 1441 susurri,
1115 1402 1238 1443 quem
1251 1389 1363 1429 Nilus
1374 1390 1459 1431 edit

182 1468 292 1508 „per
312 1453 546 1510 confragosa
569 1456 767 1508 quaedam
793 1457 934 1506 fluens.
1004 1457 1048 1498 si
1067 1457 1155 1510 quis
1179 1457 1292 1496 malit
1311 1457 1361 1497 ad
1382 1456 1457 1513 hy-

182 1521 396 1567 „draulica
412 1520 563 1576 respici,
581 1535 655 1574 per
678 1537 744 1564 me
766 1524 872 1565 licet.
906 1524 1070 1566 Sistrum
1091 1534 1226 1565 tamen
1239 1526 1459 1579 Aegyptio·

178 1612 212 1637 >²
221 1603 311 1629 rum
330 1587 527 1630 sacrorum
548 1589 684 1646 mystis
698 1590 895 1632 familiare
916 1590 1044 1642 fuisse,
1076 1604 1216 1632 omnes
1239 1590 1340 1631 mihi
1363 1605 1456 1633 con-

181 1657 416 1702 „cedent.“
462 1660 573 1698 Haec
594 1654 697 1709 sunt,
716 1673 821 1711 quae
846 1658 1093 1710 Casizubonus
1113 1659 1165 1699 de
1179 1657 1256 1699 hoc
1278 1661 1456 1700 carmine

180 1725 359 1778 disputat
379 1740 418 1779 p.
434 1729 455 1772 8
470 1734 542 1776 17.
583 1728 631 1766 In
652 1727 834 1778 plurimis
854 1740 944 1767 cum
959 1724 1180 1779 Cafaubono
1202 1739 1244 1766 et
1263 1725 1454 1782 Scaligero

179 1789 379 1845 conspirat
415 1792 638 1847 Salmafius,
675 1795 744 1848 qui
772 1795 848 1835 hoc
869 1809 1028 1836 carmen
1051 1793 1204 1847 profert
1222 1803 1264 1834 et
1288 1795 1453 1850 corrigit

179 1860 227 1902 in
244 1861 434 1901 Plinianis
453 1874 491 1912 p.
507 1863 678 1913 449.G.
715 1864 762 1903 In
784 1863 929 1916 quibus
951 1876 1045 1903 vero
1067 1862 1117 1902 ab
1136 1862 1212 1902 illis
1231 1860 1451 1903 duumviris

181 1928 356 1979 recedat,
373 1943 467 1968 mox
489 1929 769 1971 indicabimus.
820 1928 976 1982 Ctefihii
996 1943 1145 1971 nomen
1167 1930 1276 1971 inter
1295 1929 1453 1970 mecha·

178 1996 292 2038 nicos
315 1995 482 2036 artifices
503 1998 672 2038 minime
693 1995 918 2039 obscurum.
963 1998 1206 2054 Hydraulica
1222 2010 1372 2052 organa
1395 1996 1449 2037 ab

177 2076 230 2103 eo
249 2075 407 2117 reperta
426 2077 711 2105 commemorat
729 2065 882 2106 Plinius
900 2067 944 2108 L.
963 2068 1051 2110 V11.
1082 2073 1156 2117 37·
1175 2080 1213 2118 p.
1241 2064 1348 2116 396.
1377 2063 1449 2105 ubi

177 2130 274 2172 vide
295 2131 560 2173 Harduinum.
614 2133 750 2173 Athen.
771 2135 814 2173 L.
836 2135 906 2175 IV.
935 2148 973 2187 p.
990 2141 1093 2185 174.
1107 2133 1155 2176 C.
1181 2146 1233 2174 ex
1262 2130 1449 2184 Aristode

178 2209 337 2253 narrat,
371 2213 465 2242 eum
489 2200 655 2250 ὅδραυλιν,
691 2214 888 2256 organum
911 2200 1116 2250 muficum,
1138 2197 1333 2240 invenisse
1343 2209 1354 2246 5
1388 2199 1447 2239 id-

176 2278 261 2318 que
292 2267 336 2306 in
357 2266 523 2308 taberna
548 2269 667 2321 patris
687 2266 768 2318 sui,
797 2265 977 2320 tonsoris,
1013 2270 1126 2321 cujus
1148 2279 1276 2307 artem
1296 2277 1338 2307 et
1360 2262 1444 2319 ipse

173 2333 404 2376 exercebat.
460 2336 566 2376 Vide
589 2336 641 2376 de
668 2337 756 2388 ejus
786 2337 961 2377 inventis
991 2338 1219 2377 Vitruvium
1244 2335 1286 2375 L.
1306 2332 1441 2375 lX.‘6.

171 2401 276 2461 ‹tt-L.
297 2403 346 2442 X.
371 2411 446 2452 13.
467 2423 534 2432 -—
587 2404 781 2445 Ceterum
807 2410 848 2442 τὸ
872 2408 967 2453 ῥυτὸν
993 2404 1090 2458 quid
1111 2402 1169 2454 s1t,
1196 2401 1442 2456 intelligitur

171 2478 227 2506 ex
259 2467 354 2508 locis
385 2481 567 2510 veterum
598 2470 647 2511 ab
675 2471 864 2511 Athenaeo
893 2472 1061 2512 laudatis
1094 2484 1130 2522 p.
1154 2469 1264 2522 496.
1326 2461 1442 2508 Inter

167 2531 246 2575 hos
266 2534 489 2577 Dorotheus
506 2537 686 2578 Sidonius
716 2539 848 2589 tradit,
873 2545 919 2578 τὰ
945 2544 1032 2588 ῥυτὰ
1061 2547 1194 2588 κέρασιν
1216 2537 1316 2586 ὅμοια
1345 2533 1439 2587 siim,

162 2602 418 2653 διατετρημένα
458 2605 489 2644 δ’
521 2604 622 2658 εἶναι,
671 2610 710 2655 ἐξ
745 2604 788 2646 ὧν
826 2612 1065 2657 κρουνιζόντων
1111 2612 1244 2650 λεπτῶς
1285 2604 1439 2643 κᾶτωθῐ,

1275 2677 1436 2723 πίνουσιν,
