1566 2814
162 202 254 251 168
689 207 901 239 ΑιιΑτι
1092 186 1432 247 1.252..w.253.
1484 256 1486 258 ‚

166 329 365 379 impetum
382 318 633 370 facientibus,
664 332 756 360 cum
775 319 953 361 interdiu
973 319 1125 359 tonitru
1139 317 1274 374 fragor
1292 317 1432 360 crebro

167 392 378 435 exauditus
414 379 536 439 effer,
570 388 688 428 noclu
733 384 985 429 subsecutum
1029 386 1085 426 est
1119 388 1263 441 ingens
1293 385 1436 441 frigus,

168 472 261 502 cum
281 443 460 512 plurima¹
474 456 576 495 nive.
611 454 784 505 Pansam
800 458 849 496 X.
868 451 893 494 2
907 465 943 501 3.
963 467 1004 506 p.
1030 457 1052 500 8
1065 465 1136 506 54.
1170 453 1282 505 Quinv
1301 453 1438 494 nivem

166 526 375 568 interdum
393 524 500 564 inter
523 521 684 576 fulgura
703 520 890 563 decidisse
912 523 1107 576 legimus3
1136 521 1247 572 cujus
1263 508 1437 575 prodigii

168 593 404 645 exemplum
432 603 566 631 narrat
599 589 798 630 Reimarus
829 591 870 630 in
892 589 1022 629 Neuen
1043 585 1324 644 Bemerkungm
1352 591 1439 627 vom

170 660 300 703 Blitze
317 672 358 710 p.
379 667 458 709 70.
477 677 544 686 -—
577 657 627 697 V·
648 667 692 698 2.
713 665 906 704 ”ambacum
936 658 1026 696 Vat.

270 742 342 783 XI.
375 740 757 794 Vat.Cod.p.245.
791 740 955 781 Planud.
978 738 1160 793 p.286³.
1182 739 1459 794 St.414.W.··

173 814 223 854 111
245 820 436 860 matrem,
471 821 575 862 quae
604 806 687 848 filio
718 804 787 847 suo
813 808 951 860 juveni
978 805 1078 858 justa
1103 805 1264 846 fecerat.
1313 803 1444 847 Anth.

172 881 257 921 Lat.
281 879 334 930 T,
355 879 406 916 11.
426 891 464 929 p.
487 885 560 925 51.
595 877 666 927 Ep·
686 876 842 921 Lxxn.
866 874 1045 914 Plaudite
1066 887 1129 913 vos
1141 872 1309 925 sterile53
1327 869 1445 923 sobo-

174 945 223 986 les
240 943 334 984 hanc
349 942 519 996 perdidit
532 954 545 981 .·
577 953 614 980 et
635 939 692 992 fi'c
721 940 830 994 Saepe
838 941 968 991 solent
987 955 1110 980 ramos
1128 941 1319 995 frangere
1332 951 1446 992 poma

167 1011 276 1064 suos.
323 1009 420 1048 lbid-
441 1011 515 1059 Ep.
542 1008 730 1049 CCLXV.
747 1021 786 1059 p·
809 1016 918 1061 204.
940 1007 1132 1058 Exemplis
1152 1006 1346 1058 referenda
1367 1019 1446 1046 mea

173 1076 224 1128 est
243 1075 391 1127 deserta
405 1074 596 1125 senectus,
640 1073 693 1112 Ut
707 1071 855 1123 steriles
874 1086 958 1112 vere
983 1069 1121 1125 poffint
1144 1071 1311 1126 gaudere
1330 1074 1448 1111 mari-

174 1155 249 1184 tae.
268 1133 334 1172 -’--
382 1143 430 1181 V.
455 1151 494 1179 2.
526 1145 556 1178 εἰ
580 1146 713 1186 μέλλοι.
739 1139 889 1193 Vulgo.
940 1135 961 1182 ἢ
985 1146 1115 1186 μέλλοι.
1145 1137 1250 1178 eod.
1273 1139 1363 1178 Vat.
1381 1155 1450 1168 --·

175 1211 225 1251 V.
254 1219 294 1259 3.
324 1210 434 1255 σᾶμα,
456 1207 549 1246 Vat.
578 1227 643 1236 -—-
688 1207 739 1245 V.
762 1217 804 1256 4.
832 1202 968 1253 ἔπρεπε.
1004 1204 1171 1246 Anthol.
1197 1205 1282 1244 Lat.
1309 1206 1355 1246 L.
1373 1205 1448 1249 lv.

176 1278 252 1329 Ep.
289 1284 397 1325 172.
428 1289 467 1328 p.
502 1273 608 1314 126.
640 1272 710 1312 Me
735 1272 860 1312 decuit
880 1274 1002 1311 morti
1025 1275 1140 1325 prius
1161 1268 1363 1322 occubtnffi?
1379 1270 1452 1322 fu·

173 1354 334 1398 premae,
373 1342 493 1395 :scque
515 1339 609 1381 mihi
629 1339 729 1387 tales,
760 1351 859 1386 nate,
893 1339 983 1381 dare
1005 1338 1213 1392 exsequias.
1255 1338 1359 1379 [bid.
1376 1341 1450 1392 Ep.

178 1421 293 1460 219.
324 1422 361 1461 p.
401 1410 505 1459 165.
540 1406 770 1456 Formosus,
795 1407 943 1462 frugi,
975 1406 1122 1455 Λοξίας,
1153 1407 1256 1459 pius,
1288 1418 1311 1443 a
1337 1416 1452 1459 patre

177 1476 311 1528 moesto
343 1477 495 1528 Accepit
533 1474 712 1521 tumulos,
754 1476 825 1529 qui
852 1473 943 1514 dare
978 1471 1174 1514 debuerat.
1214 1471 1287 1513 ubi
1311 1470 1454 1514 similia

179 1543 421 1598 comparavit
447 1543 710 1583 Burmannus.

357 1723 607 1766 ARATI
672 1685 1281 1764 EPIGRAMMATAss

279 1931 322 1973 π.
338 1924 472 1983 253]
505 1928 540 1968 I.
569 1927 670 1969 Cod.
690 1928 781 1967 Vat.
797 1939 836 1978 p.
862 1929 970 1977 588.
1001 1927 1060 1966 Ut
1081 1925 1268 1981 intelligo
1289 1938 1341 1966 ex
1355 1926 1458 1968 Bibl.

178 1995 251 2039 Gr.
275 1995 444 2039 Fabricii
462 1999 579 2036 Tom.
602 1997 669 2034 IV.
686 2009 723 2047 p.
753 1993 864 2045 464.
893 1993 958 2034 ed.
985 1993 1100 2033 Harl.
1126 1993 1280 2034 editum
1304 1993 1361 2034 est
1378 1994 1457 2041 hoc

179 2077 340 2105 carmen
356 2065 399 2106 in
413 2062 599 2104 Biblioth.
616 2063 719 2101 liter.
744 2074 847 2114 quae
862 2061 1035 2100 Londini
1061 2060 1209 2114 prodiit
1232 2075 1293 2101 ao.
1311 2067 1455 2112 1722.

179 2146 242 2173 nr.
266 2143 307 2172 2.
332 2132 474 2182 p.'28.
523 2127 746 2171 Obscurum
773 2129 1042 2185 Epigramma,
1074 2129 1185 2181 cujus
1208 2141 1275 2168 me
1297 2125 1457 2169 sensum

182 2213 266 2239 non
289 2200 449 2251 penitus
477 2194 698 2251 perspicere
723 2195 862 2236 fateor.
920 2197 1097 2236 Primum
1119 2195 1236 2236 verba
1257 2196 1457 2247 interpre-
1520 2209 1523 2216 ·’

183 2266 370 2307 tabimur.
432 2265 554 2318 Apud
590 2265 756 2317 Argivos
801 2262 994 2303 Philocles
1030 2263 1202 2317 Argivus
1237 2259 1456 2303 formosus:
1510 2315 1513 2318 Ι

184 2333 374 2375 Corinthi
410 2343 547 2392 auztem
582 2332 792 2372 columnae
817 2340 857 2369 et
894 2328 1188 2385 Megarenfium
1212 2330 1316 2382 cippi
1344 2329 1457 2370 idem

179 2400 367 2441 clamant.
425 2401 538 2451 Quin
559 2400 680 2440 etiam
703 2410 830 2450 usque
859 2396 908 2438 ad
934 2397 1167 2450 Amphiarai
1193 2398 1339 2436 Balnea
1359 2383 1461 2437 haec

179 2463 323 2520 scripta
348 2467 564 2521 leguntur:
602 2467 733 2516 Quam
760 2464 927 2517 pulcher
956 2466 1089 2506 eram!
1133 2467 1190 2507 At
1217 2463 1322 2504 nihil
1349 2466 1460 2516 prae'-

182 2543 245 2574 ter
264 2547 405 2585 paucas
438 2534 630 2586 quasdam
659 2534 792 2572 literas
820 2532 870 2572 de
892 2532 1006 2571 nobis
1033 2530 1208 2585 superest
1240 2531 1364 2585 (quae
1381 2531 1462 2586 pri·

184 2599 308 2642 stinae
336 2600 490 2642 nostrae
524 2599 835 2655 pulchritudinis
860 2599 1132 2641 testimonium
1163 2597 1332 2651 ferant).
1400 2597 1461 2640 At
