1566 2814
173 184 268 229 332
685 179 966 213 nanLr
1105 212 1107 214 ,
1289 166 1453 223 [0483.

168 296 446 352 accipiendum
464 308 577 345 τεοῖς
609 303 726 335 erant
745 286 815 336 illa
831 294 1079 350 Aglaonicae
1104 306 1128 333 a
1147 293 1296 346 cupido
1311 307 1446 335 aman-

172 378 215 407 te
235 366 401 416 derepta
424 361 544 417 spolia
559 363 781 418 unguentis
810 373 852 404 et
875 364 968 403 vino
997 360 1180 409 madida,
1207 358 1365 409 μηδῦντὲι
1385 369 1445 402 καὶ

170 434 276 483 ὑγρά.
309 435 374 474 De
389 433 530 485 'priore
550 431 686 481 verbo,
718 429 827 483 quod
852 432 893 470 in
917 440 1133 482 utramque
1153 439 1309 481 partem
1331 426 1444 470 usur-

171 511 290 556 patur
309 500 361 541 de
373 500 492 540 bonis
511 499 706 551 malisque
726 497 929 549 odoribus,
949 497 1039 537 vide
1054 494 1252 539 Ruhnken.
1271 495 1322 537 ad
1331 496 1442 537 Tim.

171 583 212 622 p.
239 579 258 608 1
272 573 343 619 84.
373 578 415 608 et
437 566 485 609 G.
505 566 619 606 Koen·
640 566 689 606 ad
709 567 878 621 Gregor.
898 579 936 619 p.
958 567 1071 616 264.
1095 586 1160 594 —
1193 566 1246 605 V.
1274 572 1315 613 ς.
1345 568 1445 604 ἒκδό·

171 654 285 686 ματα.
324 636 467 675 mitrae
493 634 676 674 mammis
699 634 911 674 detrafihte.
963 639 1088 682 μίτραν
1113 637 1257 680 μαστοῖς
1283 636 1445 680 mmm-b

169 710 428 753 περιπλαμέναν.
445 702 603 759 ιΑιιξὶοι·
631 704 704 755 Ep.
734 705 858 742 ἄδεσπ.
896 701 1041 742 cxlv.
1083 699 1189 742 Vide
1213 699 1262 740 ad
1283 698 1443 753 Leonid.

179 771 272 812 Tar.
295 774 367 824 Ep.
380 771 428 811 V.
467 770 583 810 Idem
613 769 680 817 est,
701 769 811 822 quod
826 776 988 817 στρόφος.
1014 782 1130 816 zona,
1163 781 1243 820 qua
1263 761 1445 820 superior

171 853 262 894 pars
285 839 398 880 vestis
427 836 532 879 infra
551 838 715 891 papillas
743 837 870 877 einGta
899 847 998 882 etat,
1053 835 1160 876 Vide
1178 833 1374 889 Spanhem.
1393 832 1446 876 ad

174 907 327 948 Gallim.
352 922 390 960 p.
420 910 523 956 1²72.
545 926 611 934 -—-
642 905 694 948 V.
720 903 762 944 6.
790 911 959 951 σκυλμῶν.
995 903 1294 945 vellicati6num
1315 902 1359 942 in
1378 914 1449 944 rve-

172 988 300 1017 nereo
329 975 400 1015 illo
429 974 584 1028 proelio
612 971 741 1013 testes.
798 975 886 1013 Hoc
912 972 1001 1012 loco
1030 977 1174 1018 σκυλμο)
1201 984 1286 1011 non
1317 966 1448 1010 solum

170 1042 326 1098 capillos
347 1042 436 1096 plus
454 1034 567 1096 qnam
585 1040 726 1092 somno
743 1037 924 1081 turbatos
951 1038 1086 1089 (ovid.
1105 1040 1177 1079 111.
1191 1041 1327 1079 Amor.
1339 1037 1450 1079 XIV.

175 1109 288 1163 33.),
328 1106 398 1150 sed
428 1109 547 1149 etiam
579 1122 724 1149 zonam
757 1121 849 1148 cum
880 1105 986 1147 veste
1017 1107 1223 1159 dereptam
1255 1104 1472 1146 indicant.'

171 1178 288 1219 Ovid,
320 1180 352 1219 1.
382 1179 523 1218 Amor.
554 1179 605 1217 V.
646 1185 719 1217 12.
759 1176 936 1228 Deripui
968 1177 1161 1220 rusticam,-
1193 1186 1256 1212 nec
1282 1172 1450 1212 multum

154 1240 266 1286 ¹rara
284 1242 462 1285 nocebat:
497 1240 704 1300 Pugnabat
725 1244 858 1282 tunica
869 1241 945 1294 fid
963 1254 1088 1282 tamen
1108 1239 1173 1280 illa
1198 1243 1291 1296 tegi.

275 1312 345 1354 Π.
379 1307 498 1366 (111.)
541 1311 643 1352 Cod.
666 1312 758 1355 Vat.
787 1323 826 1362 p.
851 1318 956 1360 197.
1002 1308 1171 1350 Planud.
1192 1321 1232 1361 p.
1253 1315 1365 1358 425.
1387 1305 1450 1348 St.

173 1389 284 1433 559.
303 1381 366 1421 W.
422 1379 623 1432 Scriptum
656 1378 814 1418 videtur
843 1378 887 1418 in
917 1376 1174 1418 meretricem
1209 1374 1449 1426 bibaculam,

171 1461 291 1501 quae,
317 1461 410 1488 cum
433 1447 534 1486 nihil
553 1444 625 1485 fibi
648 1445 830 1485 relietum
852 1442 974 1494 effet,
1014 1442 1158 1483 Bacchi
1179 1453 1222 1483 et
1246 1441 1367 1483 Comi
1387 1442 1448 1482 in·

170 1514 392 1557 strumenta
427 1514 569 1566 Priapo
600 1512 772 1553 dedicat.
791 1532 859 1540 —
912 1513 964 1552 V.
991 1520 1031 1551 1.
1068 1509 1205 1550 laudat
1231 1509 1370 1550 Suidas
1401 1510 1446 1549 in

168 1582 337 1630 ἆλουςγά.
366 1581 552 1621 Eundem
566 1593 658 1620 cum
678 1589 793 1633 parte
804 1575 938 1619 versus
952 1578 1062 1618 tertii
1079 1577 1124 1617 in
1145 1583 1265 1625 μίτρα.
1301 1577 1445 1617 Finem

168 1647 304 1691 versus
341 1658 380 1688 Ι.
403 1662 497 1688 cum
527 1647 645 1687 initio
667 1656 708 1686 2.
733 1647 779 1687 in
807 1651 1015 1686 Λακωνικαί.
1062 1644 1280 1700 Vulgatam
1311 1643 1449 1685 leffiu-

170 1731 270 1759 nem
293 1716 318 1755 οἱ
339 1722 446 1764 μίτρα
466 1726 508 1756 et
530 1715 706 1762 ὖπέςδνμα
730 1713 805 1754 Br.
820 1726 871 1753 ex
882 1713 984 1755 Cod.
1000 1712 1090 1752 Vat.
1108 1722 1152 1752 et
1169 1711 1287 1751 Suida
1308 1723 1447 1751 emen-

169 1785 290 1826 davit.
346 1785 396 1824 In
426 1782 599 1830 ὑπένδυμα
625 1782 748 1824 etiam
774 1779 872 1835 Jos.
901 1779 1071 1835 Scaliger
1099 1779 1144 1819 in
1171 1788 1256 1819 not·
1276 1775 1384 1819 mstis
1404 1789 1448 1833 et

169 1853 339 1894 Huetius
359 1864 398 1903 p.
419 1860 497 1902 40·
518 1848 758 1890 inciderant.
810 1847 966 1896 ἄλουςιγὲ
995 1846 1133 1887 Suidas
1157 1847 1449 1900 interpretatur

166 1923 499 1967 saeaoeeeonagspvga.
541 1913 810 1966 ἇλουςγοβαφιῗς
829 1916 928 1955 dixit
948 1912 1110 1955 Clemens
1118 1913 1230 1953 Alex.
1243 1915 1294 1952 ΙΙ.
1315 1927 1353 1967 p.
1371 1917 1447 1964 87,

169 1985 195 2026 <1'
206 1996 251 2037 7.
300 1987 413 2028 Idem
434 1984 491 2025 est
517 1984 733 2035 ἆλίβοιπτος,
764 1981 931 2026 dammi:
956 1992 998 2022 et
1020 1981 1259 2029 ἁλιπόρφυρος.
1280 2002 1348 2011 -
1374 1986 1449 2020 Λά-

169 2071 269 2098 κωνες
299 2062 437 2096 πέπλοι.
471 2050 634 2104 Hesycb.
687 2057 881 2094 Λακωνικὸς
916 2047 1036 2096 χιτών.
1069 2047 1181 2094 λεπτὴ
1206 2045 1330 2093 3024:-
1375 2047 1447 2088 ubi

169 2123 350 2174 Interpp.
385 2119 550 2160 laudant
578 2132 629 2159 ex
655 2118 774 2169 Esaia
802 2131 836 2158 c.
858 2118 932 2157 111.
971 2121 1119 2164 διαφανῆ
1147 2120 1330 2155 mmmm.
1382 2117 1449 2155 De

171 2187 345 2229 vestibus
367 2188 560 2228 Laconica
584 2199 760 2239 purpura
782 2184 912 2225 tinehs
932 2183 1222 2235 interpretatur
1238 2181 1448 2223 Brodaeas.

168 2256 277 2299 Vide
304 2255 458 2309 Intrpp.
481 2254 644 2295 Horatii
664 2254 715 2300 Π.
738 2253 874 2294 Carm.
893 2253 1039 2292 xvm.
1067 2257 1110 2301 7.
1142 2244 1226 2290 Nec·
1245 2250 1451 2289 Laconicas

168 2322 265 2364 mihi
300 2321 479 2363 Trahunt
513 2318 680 2371 honestae
713 2331 912 2374 purpuras
948 2318 1116 2358 clientae.
1168 2317 1308 2357 Minus
1338 2315 1448 2357 reite

135 2380 137 2382 V
166 2390 277 2431 idern
315 2389 367 2430 de
394 2389 538 2429 tunicis
569 2401 653 2428 non
687 2384 860 2428 consutis
885 2385 1087 2441 cogitavit,
1120 2383 1449 2438 quale83puellae

170 2459 389 2508 Spartanae
412 2455 631 2511 gestabant,
671 2459 909 2503 φαινομηρίδες
934 2463 1151 2506 propterea
1181 2461 1359 2493 vocatae.
1381 2471 1449 2481 —

169 2525 224 2565 V·
249 2535 290 2567 2.
320 2523 457 2563 Suidas
488 2521 650 2563 έῧπεπλοι
681 2523 795 2578 legit.
824 2542 890 2554 --
935 2525 967 2559 οἱ
987 2537 1046 2568 χρ.
1066 2532 1145 2561 καλ,
1192 2520 1281 2560 Hoc
1308 2515 1454 2559 ordine

171 2591 297 2635 verba
322 2591 440 2645 ponit
461 2590 632 2634 Planud.
654 2599 699 2635 et
717 2590 809 2636 Vat.
830 2588 958 2632 invito
978 2598 1123 2630 metro.
1173 2585 1333 2644 Justum
1351 2584 1459 2628 ordi·
