1566 2814
91 122 252 174 1379.
314 163 318 164 γ
490 115 1016 164 ιιῐακΛΜΜΑι-Α.’
1281 129 1377 164 201

98 242 390 287 Aberrationes
432 255 546 285 ortae
582 257 649 287 ex.
676 241 873 287 scribendi
917 246 1159 300 compendio
1196 244 1386 294 Anmutd’

99 310 339 366 postremam
370 308 565 366 syllabam
601 313 687 352 aliis
720 314 836 353 aliter
864 311 1156 367 supplentibus.
1214 321 1382 363 χορηγὸς»

74 404 76 407 -
97 376 180 419 five
196 385 372 429 xoeos-rac,
405 390 454 418 ur
470 381 560 420 Vat.
582 379 683 421 Cod-
697 411 708 432 ,
742 380 784 424 h.
805 381 834 422 1.
859 395 943 422 non
963 383 995 422 is
1018 382 1098 433 est,
1133 384 1203 436 qui
1226 380 1381 422 sumtus

100 445 281 500 praebet,
314 442 383 486 sed
404 446 487 486 dux
502 446 637 487 choi-L·
683 450 771 488 Hoc
795 449 942 504 colligo
966 462 1018 489 ex
1035 464 1073 489 v.
1096 459 1136 501 3.
1174 450 1245 490 ubi
1267 450 1381 490 idem

101 513 198 554 olim
220 513 330 553 inter
349 525 497 564 pueros
513 512 680 555 certaffe
702 515 862 561 dicitur.
917 518 1004 558 Hoc
1028 514 1142 557 sensu
1163 514 1381 558 Dorienses

99 578 338 621 vocabulum
377 588 524 629 χορηγὸς
551 592 595 621 et
626 588 788 631 χορηγεῖ)
820 584 1000 636 accipere
1037 581 1240 636 solebant,
1280 583 1381 625 teste

98 645 238 688 Atha.
257 647 303 701 L.
321 649 432 688 XIV.
454 662 491 700 p.
509 648 565 698 63
576 655 618 698 3.
641 651 680 689 Β.
727 649 870 692 Pollae.
899 652 965 692 IX.
993 661 1068 702 41.
1122 652 1230 692 Vide
1248 652 1298 692 ad
1321 650 1382 691 Si·
1466 649 1473 655 ’

98 714 251 756 noni&
263 714 337 765 Ep-
355 715 532 757 LXXVI.
553 726 596 756 et
608 714 772 767 Cafizub.
788 718 837 758 ad
859 717 1016 760 sueton.
1035 719 1116 759 vit.
1132 718 1238 775 Aug.
1256 733 1288 758 c.
1304 726 1381 768 52.

99 793 141 834 μ
163 787 276 832 234.
303 780 376 820 ubi
395 781 448 822 de
468 788 605 829 τρίποσι
626 790 825 831 χορηγικοῖς
847 798 993 840 agens,
1027 785 1103 826 hoc
1124 787 1265 840 Epigr.
1293 798 1382 838 pro·

98 845 195 888 fert.
242 849 408 888 Praeter
427 849 628 901 tripodem
652 851 776 890 vietor
794 852 947 892 Baccho
976 854 1100 893 etiam
1124 850 1383 892 simulacrum

98 911 367 955 dedicaverat.
402 922 462 953 m
479 923 532 956 σε.
566 928 604 955 et
631 928 670 956 te
695 916 820 972 ipsum
854 917 933 959 tibi
958 920 1115 959 dicavit.
1136 941 1205 949 —
1254 922 1307 960 V.
1332 920 1379 968 3.'

98 979 272 1021 Veteres
292 981 404 1022 editt.
425 989 537 1023 ποιαί.
572 982 746 1035 stephan.
769 986 811 1026 in
823 988 931 1027 Poet.
947 987 1014 1028 Gr.
1032 990 1130 1027 πᾶσι.
1168 989 1258 1027 Vat.
1273 986 1381 1029 cod.

99 1049 190 1089 vict
208 1044 310 1100 (fle).
353 1050 469 1088 Hanc
488 1050 703 1091 leffionem
730 1053 931 1105 explicate
950 1066 1114 1094 conatus
1138 1053 1314 1107 Heinssus
1337 1053 1382 1093 in

96 1113 225 1155 Leat.
251 1112 413 1156 Hefiod.
454 1117 563 1168 306.
593 1119 853 1160 Damotelem
891 1124 935 1161 in
972 1121 1145 1162 omnibus
1176 1118 1383 1173 excellmffi

102 1182 172 1224 ait.
201 1184 359 1235 Lnepte.
410 1184 603 1234 Quamvis
626 1183 736 1226 enim
761 1184 849 1235 ἔργα
870 1196 996 1237 μέτρια
1015 1190 1059 1230 in
1080 1189 1178 1229 boni
1202 1190 1275 1229 viri
1296 1189 1383 1228 lau-

102 1248 198 1290 dem
227 1249 430 1301 dicuntur,
457 1252 530 1292 ubi
559 1253 602 1292 in
636 1254 684 1293 iis
707 1255 930 1296 moderatio
962 1267 1005 1297 et
1027 1257 1293 1310 temperantia
1313 1269 1382 1309 ap-

54 1346 57 1348 -
102 1328 244 1371 paret,
278 1317 400 1373 nullis
429 1329 565 1360 tamen
597 1322 820 1365 rationibus
850 1322 957 1364 effici
985 1326 1156 1378 poterit,
1192 1335 1239 1364 ur
1256 1326 1299 1364 in
1318 1336 1385 1373 eo,

101 1383 244 1437 quide
264 1384 425 1424 vietoria
453 1397 595 1436 certat,
622 1395 664 1426 τὸ
683 1397 818 1437 μέτριον
844 1388 925 1436 εἶναι,
960 1391 1224 1444 praestantiae
1263 1390 1383 1447 figni-

100 1449 332 1492 ficationem
354 1452 515 1494 habeat.
545 1456 696 1496 Melius
715 1459 854 1510 itaque
870 1458 1061 1499 Graevius
1085 1461 1129 1499 in
1147 1461 1271 1499 Lec’tt.
1284 1455 1380 1501 Hes.

100 1531 135 1560 e.
153 1519 248 1561 Vll.
272 1532 311 1573 p.
340 1528 413 1572 34·
444 1519 546 1562 haee
573 1523 696 1563 verba
719 1538 803 1565 non
824 1525 874 1566 ad
892 1528 1112 1567 certamina
1137 1525 1276 1577 refert,
1311 1524 1381 1568 sed

99 1586 361 1628 Damotelem
387 1588 431 1627 in
455 1590 644 1629 omnibns
672 1591 792 1632 rebus
813 1593 978 1633 modum
1002 1592 1189 1646 tenuisse,
1226 1595 1382 1648 ubique

99 1647 324 1693 mssestum
342 1652 460 1696 fuiffe
484 1655 695 1711 fignificari
720 1660 788 1699 ait-
822 1662 975 1701 Verum
999 1660 1049 1702 fic
1075 1674 1234 1715 accepta
1258 1661 1383 1702 verba

99 1731 339 1761 contextum
373 1723 564 1775 turbant,
610 1726 681 1778 qui
712 1728 887 1780 optimus
921 1728 979 1769 est
1009 1741 1191 1770 revocata
1215 1731 1383 1783 antiqua

98 1783 311 1840 scriptura:
345 1795 482 1839 μέτριος
509 1786 549 1835 ἦν
575 1796 609 1830 ἐν
633 1800 747 1833 παισί.
791 1794 913 1837 Conf.
940 1797 1117 1837 Dorvill.
1150 1797 1199 1837 ad
1227 1796 1383 1837 Charit.

99 1868 141 1908 p.
161 1853 239 1896 61.
283 1857 532 1919 Damoteieg
559 1868 651 1900 cum
666 1861 775 1902 inter
797 1876 944 1915 pueros
967 1875 1151 1916 certaret,
1181 1865 1383 1905 modicam

100 1921 264 1963 laudem
287 1922 455 1977 adeptus
484 1925 565 1976 est;
605 1928 715 1968 inter
737 1930 840 1970 viros
859 1963 869 1982 ‚
902 1931 1106 1972 vifiloriam
1130 1933 1282 1972 retulit.
1314 1950 1384 1964 -

98 1989 306 2031 Laudatur
332 2002 469 2032 autem
495 1994 701 2048 inprimis,
740 1997 851 2050 quod
882 1997 997 2039 fimul
1028 2000 1311 2051 pulcritudinis
1338 2009 1385 2040 et

100 2056 235 2098 decori
262 2058 463 2100 rationem
482 2059 683 2105 habuerit.

202 2123 295 2167 XII.
329 2128 379 2166 ln
408 2127 511 2168 Cod.
538 2129 627 2169 Vat.
658 2142 699 2183 p.
734 2142 846 2184 204.
877 2134 988 2186 prius
1015 2134 1212 2174 distichon
1242 2134 1382 2186 exstat,

97 2190 210 2246 quod
238 2192 375 2233 laudat
401 2193 522 2236 schol.
554 2197 599 2238 in
623 2198 751 2239 Anth.
774 2200 921 2242 Wech.
946 2217 987 2255 p.
1014 2211 1037 2251 5
1046 2203 1090 2243 6.
1138 2204 1234 2243 Duo
1255 2202 1384 2256 poste·

99 2259 209 2299 riora
236 2259 403 2301 exhibet
428 2276 467 2315 p.
492 2273 602 2315 433.
628 2266 799 2317 junctim
826 2281 920 2308 cum
954 2270 1094 2325 Epigr.
1115 2272 1167 2309 V.
1215 2271 1383 2318 Eadem,

99 2339 139 2367 v.
167 2333 207 2367 1.
223 2338 267 2366 et
278 2337 321 2369 2.
343 2329 506 2381 omiffis,
531 2332 698 2374 Planud.
725 2348 763 2386 p.
779 2338 855 2385 38.
871 2336 927 2377 St.
954 2338 1028 2385 56.
1041 2338 1110 2379 W.
1145 2339 1196 2378 In
1216 2337 1386 2379 statuam

99 2393 277 2434 veneris
298 2396 490 2448 Uraniae,
514 2412 538 2438 a
558 2398 848 2458 Chrysogona,
879 2417 982 2456 quae
1008 2404 1123 2445 divae
1147 2403 1391 2449 felicitatem

98 2471 213 2511 eam,
243 2475 322 2513 qua
342 2476 436 2504 cum
467 2466 644 2523 conjuge
676 2481 719 2510 et
750 2470 887 2510 liberis
921 2471 1147 2522 fruebatur,
1181 2483 1386 2526 acceptam

96 2525 317 2584 referebat,
337 2530 521 2592 pofitamg
541 2553 610 2579 :-
642 2538 693 2580 V.
709 2547 749 2579 1.
767 2541 1062 2587 σάνδαμοςΝητ.
1075 2557 1143 2585 ‘P
1177 2544 1286 2594 V.<3.
1301 2543 1387 2590 ’Δμ-
